@book{meier2012professional,
  title={Professional Android 4 application development},
  author={Meier, Reto},
  year={2012},
  publisher={John Wiley \& Sons}
} % generiert durch scholar.google